%%
@misc{winoqueer,
    title = "{W}ino{Q}ueer: A Community-in-the-Loop Benchmark for Anti-{LGBTQ}+ Bias in Large Language Models",
    author = "Felkner, Virginia  and
      Chang, Ho-Chun Herbert  and
      Jang, Eugene  and
      May, Jonathan",
    editor = "Rogers, Anna  and
      Boyd-Graber, Jordan  and
      Okazaki, Naoaki",
    booktitle = "Proceedings of the 61st Annual Meeting of the Association for Computational Linguistics (Volume 1: Long Papers)",
    month = jul,
    year = "2023",
    address = "Toronto, Canada",
    publisher = "Association for Computational Linguistics",
    url = "https://aclanthology.org/2023.acl-long.507",
    doi = "10.18653/v1/2023.acl-long.507",
    pages = "9126--9140",
}


@misc{dhingra2023queer,
      title={Queer People are People First: Deconstructing Sexual Identity Stereotypes in Large Language Models}, 
      author={Harnoor Dhingra and Preetiha Jayashanker and Sayali Moghe and Emma Strubell},
      year={2023},
      eprint={2307.00101},
      archivePrefix={arXiv},
      primaryClass={cs.CL}
}
 
@misc{prompt-tuning,
author = {Lester, Brian and Al-Rfou, Rami and Constant, Noah},
year = {2021},
month = {01},
pages = {3045-3059},
title = {The Power of Scale for Parameter-Efficient Prompt Tuning},
doi = {10.18653/v1/2021.emnlp-main.243}
}


@misc{biassurvey,
      title={Bias and Fairness in Large Language Models: A Survey}, 
      author={Isabel O. Gallegos and Ryan A. Rossi and Joe Barrow and Md Mehrab Tanjim and Sungchul Kim and Franck Dernoncourt and Tong Yu and Ruiyi Zhang and Nesreen K. Ahmed},
      year={2024},
      eprint={2309.00770},
      archivePrefix={arXiv},
      primaryClass={cs.CL}
}

@inproceedings{shwartz-name,
    title = "{``}You are grounded!{''}: Latent Name Artifacts in Pre-trained Language Models",
    author = "Shwartz, Vered  and
      Rudinger, Rachel  and
      Tafjord, Oyvind",
    editor = "Webber, Bonnie  and
      Cohn, Trevor  and
      He, Yulan  and
      Liu, Yang",
    booktitle = "Proceedings of the 2020 Conference on Empirical Methods in Natural Language Processing (EMNLP)",
    month = nov,
    year = "2020",
    address = "Online",
    publisher = "Association for Computational Linguistics",
    url = "https://aclanthology.org/2020.emnlp-main.556",
    doi = "10.18653/v1/2020.emnlp-main.556",
    pages = "6850--6861",
}

@misc{ahn-racial,
    title = "Mitigating Language-Dependent Ethnic Bias in {BERT}",
    author = "Ahn, Jaimeen  and
      Oh, Alice",
    editor = "Moens, Marie-Francine  and
      Huang, Xuanjing  and
      Specia, Lucia  and
      Yih, Scott Wen-tau",
    booktitle = "Proceedings of the 2021 Conference on Empirical Methods in Natural Language Processing",
    month = nov,
    year = "2021",
    address = "Online and Punta Cana, Dominican Republic",
    publisher = "Association for Computational Linguistics",
    url = "https://aclanthology.org/2021.emnlp-main.42",
    doi = "10.18653/v1/2021.emnlp-main.42",
    pages = "533--549",
}


@misc{bolukbasi,
  title={Man is to Computer Programmer as Woman is to Homemaker? Debiasing Word Embeddings},
  author={Tolga Bolukbasi and Kai-Wei Chang and James Y. Zou and Venkatesh Saligrama and Adam Tauman Kalai},
  booktitle={Neural Information Processing Systems},
  year={2016},
  url={https://api.semanticscholar.org/CorpusID:1704893}
}


@misc{haim2024whats,
  title={What's in a Name? Auditing Large Language Models for Race and Gender Bias},
  author={Amit Haim and Alejandro Salinas and Julian Nyarko},
  journal={ArXiv},
  year={2024},
  volume={abs/2402.14875},
  url={https://api.semanticscholar.org/CorpusID:267897984}
}


@inproceedings{holistic,
    title = "{``}{I}{'}m sorry to hear that{''}: Finding New Biases in Language Models with a Holistic Descriptor Dataset",
    author = "Smith, Eric Michael  and
      Hall, Melissa  and
      Kambadur, Melanie  and
      Presani, Eleonora  and
      Williams, Adina",
    editor = "Goldberg, Yoav  and
      Kozareva, Zornitsa  and
      Zhang, Yue",
    booktitle = "Proceedings of the 2022 Conference on Empirical Methods in Natural Language Processing",
    month = dec,
    year = "2022",
    publisher = "Association for Computational Linguistics",
    url = "https://aclanthology.org/2022.emnlp-main.625",
    doi = "10.18653/v1/2022.emnlp-main.625",
    pages = "9180--9211",
}

@misc{nadeem2020stereoset,
    title = "{S}tereo{S}et: Measuring stereotypical bias in pretrained language models",
    author = "Nadeem, Moin  and
      Bethke, Anna  and
      Reddy, Siva",
    editor = "Zong, Chengqing  and
      Xia, Fei  and
      Li, Wenjie  and
      Navigli, Roberto",
    booktitle = "Proceedings of the 59th Annual Meeting of the Association for Computational Linguistics and the 11th International Joint Conference on Natural Language Processing (Volume 1: Long Papers)",
    month = aug,
    year = "2021",
    address = "Online",
    publisher = "Association for Computational Linguistics",
    url = "https://aclanthology.org/2021.acl-long.416",
    doi = "10.18653/v1/2021.acl-long.416",
    pages = "5356--5371",
}

@online{unesco-study,
    author = "UNESCO",
    maintitle = "Generative AI: UNESCO study reveals alarming evidence of regressive gender stereotypes",
    url  = "https://www.unesco.org/en/articles/generative-ai-unesco-study-reveals-alarming-evidence-regressive-gender-stereotypes",
    addendum = "Visited 02.05.2024",
    keywords = "unesco, gen ai, generative ai, ",
    year = "2024"
}

@online{google-trends-ai, 
author={{Google Trends}},
maintitle = "Google Trends - künstliche Intelligenz", 
year="2024",
abbendum = "Visited 04.05.2024", 
url = "https://trends.google.de/trends/explore?date=all&q=%2Fm%2F0mkz,ChatGPT&hl=de"
}

@online{chatgpt-pub,
author="OpenAI", 
year = "2022",
maintitile="Introducing ChatGPT", 
abbendum = "Visited 04.05.2024", 
url="https://openai.com/blog/chatgpt"}

@misc{vaswani2023attention,
 author = {Vaswani, Ashish and Shazeer, Noam and Parmar, Niki and Uszkoreit, Jakob and Jones, Llion and Gomez, Aidan N and Kaiser, \L ukasz and Polosukhin, Illia},
 booktitle = {Advances in Neural Information Processing Systems},
 editor = {I. Guyon and U. Von Luxburg and S. Bengio and H. Wallach and R. Fergus and S. Vishwanathan and R. Garnett},
 pages = {},
 publisher = {Curran Associates, Inc.},
 title = {Attention is All you Need},
 url = {https://proceedings.neurips.cc/paper_files/paper/2017/file/3f5ee243547dee91fbd053c1c4a845aa-Paper.pdf},
 volume = {30},
 year = {2017}
}

@online{mistral7b,
title={Mistral 7B, The best 7B model to date, Apache 2.0},
author={Albert Jiang, Alexandre Sablayrolles, Arthur Mensch, Chris Bamford, Devendra Singh Chaplot, Diego de las Casas, Florian Bressand, Gianna Lengyel, Guillaume Lample, Lélio Renard Lavaud, Lucile Saulnier, Marie-Anne Lachaux, Pierre Stock, Teven Le Scao, Thibaut Lavril, Thomas Wang, Timothée Lacroix, William El Sayed},
year={2023},
url = "https://mistral.ai/news/announcing-mistral-7b/", 
addendum = "Visited 02.05.2024",}

@inproceedings{fine-tuning,
    title = "Universal Language Model Fine-tuning for Text Classification",
    author = "Howard, Jeremy  and
      Ruder, Sebastian",
    editor = "Gurevych, Iryna  and
      Miyao, Yusuke",
    booktitle = "Proceedings of the 56th Annual Meeting of the Association for Computational Linguistics (Volume 1: Long Papers)",
    month = jul,
    year = "2018",
    address = "Melbourne, Australia",
    publisher = "Association for Computational Linguistics",
    url = "https://aclanthology.org/P18-1031",
    doi = "10.18653/v1/P18-1031",
    pages = "328--339",
}

@inproceedings{stochasticparrots,
author = {Bender, Emily M. and Gebru, Timnit and McMillan-Major, Angelina and Shmitchell, Shmargaret},
title = {On the Dangers of Stochastic Parrots: Can Language Models Be Too Big?},
year = {2021},
isbn = {9781450383097},
publisher = {Association for Computing Machinery},
url = {https://doi.org/10.1145/3442188.3445922},
doi = {10.1145/3442188.3445922},
booktitle = {Proceedings of the 2021 ACM Conference on Fairness, Accountability, and Transparency},
pages = {610–623},
numpages = {14},
series = {FAccT '21}
}

@article{joblin,
   title={The global landscape of AI ethics guidelines},
   volume={1},
   ISSN={2522-5839},
   url={http://dx.doi.org/10.1038/s42256-019-0088-2},
   DOI={10.1038/s42256-019-0088-2},
   number={9},
   journal={Nature Machine Intelligence},
   publisher={Springer Science and Business Media LLC},
   author={Jobin, Anna and Ienca, Marcello and Vayena, Effy},
   year={2019},
   month=sep, pages={389–399} }

@article{friedman,
author = {Friedman, Batya and Nissenbaum, Helen},
title = {Bias in computer systems},
year = {1996},
issue_date = {July 1996},
publisher = {Association for Computing Machinery},
address = {New York, NY, USA},
volume = {14},
number = {3},
issn = {1046-8188},
url = {https://doi.org/10.1145/230538.230561},
doi = {10.1145/230538.230561},
journal = {ACM Trans. Inf. Syst.},
pages = {330–347},
numpages = {18},
keywords = {values, universal design, system design, standards, social impact, social computing, human values, ethics, design methods, computers and society, computer ethics, bias}
}


@online{tagesschau, 
author = "Tagesschau", 
title = "Verstärkte Mobilisierung gegen queere Menschen",
year="2023",
abbendum = "Visited 03.05.3024",
url = {https://www.tagesschau.de/faktenfinder/kontext/queerfeindlichkeit-desinformation-100.html}
}

@online{lgbtqia+, 
author={{handbook germany}}, 
title="LGBTQIA+",
abbendum = "Visited 03.05.3024",
url = {https://handbookgermany.de/de/lgbtiq}, 
year="2024"}

@inproceedings{opinionatedlm,
   title={Co-Writing with Opinionated Language Models Affects Users’ Views},
   url={http://dx.doi.org/10.1145/3544548.3581196},
   DOI={10.1145/3544548.3581196},
   booktitle={Proceedings of the 2023 CHI Conference on Human Factors in Computing Systems},
   publisher={ACM},
   author={Jakesch, Maurice and Bhat, Advait and Buschek, Daniel and Zalmanson, Lior and Naaman, Mor},
   year={2023},
   month=apr, collection={CHI ’23} }

@book{ruha,
  title={Race after technology: Abolitionist tools for the new Jim code},
  author={Benjamin, Ruha},
  year={2019},
  publisher={John Wiley \& Sons}, 
pages={1541}
}

@misc{gpt3,
 author = {Brown, Tom and Mann, Benjamin and Ryder, Nick and Subbiah, Melanie and Kaplan, Jared D and Dhariwal, Prafulla and Neelakantan, Arvind and Shyam, Pranav and Sastry, Girish and Askell, Amanda and Agarwal, Sandhini and Herbert-Voss, Ariel and Krueger, Gretchen and Henighan, Tom and Child, Rewon and Ramesh, Aditya and Ziegler, Daniel and Wu, Jeffrey and Winter, Clemens and Hesse, Chris and Chen, Mark and Sigler, Eric and Litwin, Mateusz and Gray, Scott and Chess, Benjamin and Clark, Jack and Berner, Christopher and McCandlish, Sam and Radford, Alec and Sutskever, Ilya and Amodei, Dario},
 booktitle = {Advances in Neural Information Processing Systems},
 editor = {H. Larochelle and M. Ranzato and R. Hadsell and M.F. Balcan and H. Lin},
 pages = {1877--1901},
 publisher = {Curran Associates, Inc.},
 title = {Language Models are Few-Shot Learners},
 url = {https://proceedings.neurips.cc/paper_files/paper/2020/file/1457c0d6bfcb4967418bfb8ac142f64a-Paper.pdf},
 volume = {33},
 year = {2020}
}


@article{ferrara,
   title={Should ChatGPT be biased? Challenges and risks of bias in large language models},
   ISSN={1396-0466},
   url={http://dx.doi.org/10.5210/fm.v28i11.13346},
   DOI={10.5210/fm.v28i11.13346},
   journal={First Monday},
   publisher={University of Illinois Libraries},
   author={Ferrara, Emilio},
   year={2023},
   month=nov }


@inproceedings{nozza,
    title = "Measuring Harmful Sentence Completion in Language Models for {LGBTQIA}+ Individuals",
    author = "Nozza, Debora  and
      Bianchi, Federico  and
      Lauscher, Anne  and
      Hovy, Dirk",
    booktitle = "Proceedings of the Second Workshop on Language Technology for Equality, Diversity and Inclusion",
    month = may,
    year = "2022",
    address = "Dublin, Ireland",
    publisher = "Association for Computational Linguistics",
    url = "https://aclanthology.org/2022.ltedi-1.4",
    doi = "10.18653/v1/2022.ltedi-1.4",
    pages = "26--34",
}

@inproceedings{lucyli,
author = {Lucy, Li and Bamman, David},
year = {2021},
month = {01},
pages = {48-55},
title = {Gender and Representation Bias in GPT-3 Generated Stories},
doi = {10.18653/v1/2021.nuse-1.5}
}

@inbook{allen-nlp,
author = {Allen, James F.},
title = {Natural language processing},
year = {2003},
isbn = {0470864125},
publisher = {John Wiley and Sons Ltd.},
address = {GBR},
booktitle = {Encyclopedia of Computer Science},
pages = {1218–1222},
numpages = {5}
}

@misc{devlin,
  title={BERT: Pre-training of Deep Bidirectional Transformers for Language Understanding},
  author={Jacob Devlin and Ming-Wei Chang and Kenton Lee and Kristina Toutanova},
  booktitle={North American Chapter of the Association for Computational Linguistics},
  year={2019},
  url={https://api.semanticscholar.org/CorpusID:52967399}
}
@article{radford-gpt,
  added-at = {2020-07-14T16:37:42.000+0200},
  author = {Radford, Alec and Narasimhan, Karthik and Salimans, Tim and Sutskever, Ilya},
  biburl = {https://www.bibsonomy.org/bibtex/273ced32c0d4588eb95b6986dc2c8147c/jonaskaiser},
  interhash = {5c343ed9a31ac52fd17a898f72af228f},
  intrahash = {73ced32c0d4588eb95b6986dc2c8147c},
  keywords = {final thema:transformer},
  timestamp = {2020-07-14T16:49:42.000+0200},
  title = {Improving language understanding by generative pre-training},
  year = 2018
}

@misc{word2vec,
  title={Efficient Estimation of Word Representations in Vector Space},
  author={Tomas Mikolov and Kai Chen and Gregory S. Corrado and Jeffrey Dean},
  booktitle={International Conference on Learning Representations},
  year={2013},
  url={https://api.semanticscholar.org/CorpusID:5959482}
}


@misc{ambiguity,
    title = "We{'}re Afraid Language Models Aren{'}t Modeling Ambiguity",
    author = "Liu, Alisa  and
      Wu, Zhaofeng  and
      Michael, Julian  and
      Suhr, Alane  and
      West, Peter  and
      Koller, Alexander  and
      Swayamdipta, Swabha  and
      Smith, Noah  and
      Choi, Yejin",
    editor = "Bouamor, Houda  and
      Pino, Juan  and
      Bali, Kalika",
    booktitle = "Proceedings of the 2023 Conference on Empirical Methods in Natural Language Processing",
    month = dec,
    year = "2023",
    address = "Singapore",
    publisher = "Association for Computational Linguistics",
    url = "https://aclanthology.org/2023.emnlp-main.51",
    doi = "10.18653/v1/2023.emnlp-main.51",
    pages = "790--807",
}

@misc{luccioni,
      title={Mind your Language (Model): Fact-Checking LLMs and their Role in NLP Research and Practice}, 
      author={Alexandra Sasha Luccioni and Anna Rogers},
      year={2023},
      eprint={2308.07120},
      archivePrefix={arXiv},
      primaryClass={cs.CL}
}

@online{google-fairness,
    author = {{Google for Developers}} ,
    maintitle = "Fairness: Types of Bias",
    url  = "https://developers.google.com/machine-learning/crash-course/fairness/types-of-bias",
    addendum = "Visited 06.05.2024",
    year = "2022"
}

@misc{hagendorff-mapping,
  title={Mapping the Ethics of Generative AI: A Comprehensive Scoping Review},
  author={Thilo Hagendorff},
  journal={ArXiv},
  year={2024},
  volume={abs/2402.08323},
  url={https://api.semanticscholar.org/CorpusID:267636709}
}


@misc{tian2024softprompt,
      title={Soft-prompt Tuning for Large Language Models to Evaluate Bias}, 
      author={Jacob-Junqi Tian and David Emerson and Sevil Zanjani Miyandoab and Deval Pandya and Laleh Seyyed-Kalantari and Faiza Khan Khattak},
      year={2024},
      eprint={2306.04735},
      archivePrefix={arXiv},
      primaryClass={cs.CL}
}


@misc{kumar2023parameterefficient,
      title={Parameter-efficient Modularised Bias Mitigation via AdapterFusion}, 
      author={Deepak Kumar and Oleg Lesota and George Zerveas and Daniel Cohen and Carsten Eickhoff and Markus Schedl and Navid Rekabsaz},
      year={2023},
      eprint={2302.06321},
      archivePrefix={arXiv},
      primaryClass={cs.CL}
}

@misc{lu2019gender,

  title={Gender Bias in Neural Natural Language Processing},
  author={Kaiji Lu and Piotr (Peter) Mardziel and Fangjing Wu and Preetam Amancharla and Anupam Datta},
  journal={ArXiv},
  year={2018},
  volume={abs/1807.11714},
  url={https://api.semanticscholar.org/CorpusID:51888520}
}

@misc{fatemi2023improving,
author = {Fatemi, Zahra and Xing, Chen and Liu, Wenhao and Xiong, Caimming},
year = {2023},
month = {01},
pages = {1249-1262},
title = {Improving Gender Fairness of Pre-Trained Language Models without Catastrophic Forgetting},
doi = {10.18653/v1/2023.acl-short.108}
}

@article{weizenbaum,
author = {Weizenbaum, Joseph},
title = {ELIZA—a computer program for the study of natural language communication between man and machine},
year = {1966},
issue_date = {Jan. 1966},
publisher = {Association for Computing Machinery},
address = {New York, NY, USA},
volume = {9},
number = {1},
issn = {0001-0782},
url = {https://doi.org/10.1145/365153.365168},
doi = {10.1145/365153.365168},
journal = {Commun. ACM},
pages = {36–45},
numpages = {10}
}

@article{shively,
  title={Components of sexual identity.},
  author={Michael G. Shively and J P De Cecco},
  journal={Journal of homosexuality},
  year={1977},
  volume={3 1},
  pages={
          41-8
        },
  url={https://api.semanticscholar.org/CorpusID:31548009}
}

@article{richards-non,
  title={Non-binary or genderqueer genders},
  author={Christina M. Richards and Walter Pierre Bouman and Leighton J Seal and Meg John Barker and Timo Ole Nieder and Guy T’Sjoen},
  journal={International Review of Psychiatry},
  year={2016},
  volume={28},
  pages={102 - 95},
  url={https://api.semanticscholar.org/CorpusID:29985722}
}

@online{intersex-history,
    author = {Thomas Vinzenz} ,
    maintitle = "INTERSEX: MALTA GEHT VORAN",
    url  = "https://queeramnesty.ch/intersex-malta-geht-voran/",
    addendum = "Visited 03.05.2024",
    year = "2016"
}

@misc{wiki:Allosexuality,
   author = "Wikipedia",
   title = "{Allosexuality} --- {W}ikipedia{,} The Free Encyclopedia",
   year = "2024",
   howpublished = {\url{http://en.wikipedia.org/w/index.php?title=Allosexuality&oldid=1221108166}},
   note = "[Visited 03.05.2024]"
 }

@online{asterisk, 
author = {Katy Steinmetz},
maintitle= "The Oxford English Dictionary Added ‘Trans*.’ Here’s What the Label Means", 
url="https://time.com/5211799/what-does-trans-asterisk-star-mean-dictionary/",
addendum = "Visited 03.05.2024",
year={2018}

}

@Set{Oxf,
    entryset = {Oxf:cisgender, Oxf:trans, Oxf:trans2, Oxf:nonbinary, Oxf:nonbinary, Oxf:intersex, Oxf:gender-fluid, Oxf:hetero, Oxf:bi, Oxf:homo, Oxf:gay, Oxf:lesbian, Oxf:queer, Oxf:pan, Oxf:ace, Oxf:demi, Oxf:intersexuality, Oxf:speciesism},
    author = {Merriam-Webster},
    maintitle = "Merriam-Webster.com Dictionary",
    year = "2024"
}
 
@online{Oxf:trans,
author = {Merriam-Webster},
title={transgender, adj.},
year={2024},
  addendum = "Visited 07.05.2024",
url={https://www.merriam-webster.com/dictionary/transgender},
}

@online{trans2,
author = {{Oxford English Dictionary}},
title={trans*, adj.},
year={2024},
addendum = "Visited 07.05.2024",
url={https://doi.org/10.1093/OED/1020389239}
}

@online{Oxf:cisgender,
author = {Merriam-Webster},
title="cisgender, adj.",
year={2024},
addendum = "Visited 07.05.2024",
url={https://www.merriam-webster.com/dictionary/cisgender}
}

@online{Oxf:nonbinary,
author = {Merriam-Webster},
title="non-binary, adj.",
year={2024},
  addendum = "Visited 07.05.2024",
url={https://www.merriam-webster.com/dictionary/non-binary}
}

@online{Oxf:intersex,
author = {Merriam-Webster},
title="intersex, adj. \& n.",
year={2024},
abbendum = "Visited 07.05.2024", 
url={https://www.merriam-webster.com/dictionary/intersex}
}

@online{Oxf:intersexuality,
author = {Merriam-Webster},
title="intersexuality, n.",
year={2024},
abbendum = "Visited 07.05.2024", 
url={https://www.merriam-webster.com/dictionary/intersexuality}
}

@online{Oxf:gender-fluid,
author = {Merriam-Webster},
title="gender-fluid, adj.",
year={2024},
abbendum = "Visited 07.05.2024", 
url={https://www.merriam-webster.com/dictionary/gender-fluid}
}

@online{Oxf:hetero,
author = {Merriam-Webster},
title="heterosexual, adj. \& n.",
year={2024},
abbendum = "Visited 07.05.2024", 
url={https://www.merriam-webster.com/dictionary/heterosexual}
}

@online{Oxf:bi,
author = {Merriam-Webster},
title="bisexual, adj. \& n.",
year={2024},
abbendum = "Visited 07.05.2024", 
url={https://www.merriam-webster.com/dictionary/bisexual}
}

@online{Oxf:homo,
author = {Merriam-Webster},
title="homosexual, adj. \& n.",
year={2024},
abbendum = "Visited 07.05.2024", 
url={https://www.merriam-webster.com/dictionary/homosexual}
}

@online{Oxf:gay,
author = {Merriam-Webster},
title="gay, adj. \& n.",
year={2024},
abbendum = "Visited 07.05.2024", 
url={https://www.merriam-webster.com/dictionary/gay}
}

@online{Oxf:lesbian,
author = {Merriam-Webster},
title="lesbian, adj. \& n.",
year={2024},
abbendum = "Visited 07.05.2024", 
url={https://www.merriam-webster.com/dictionary/lesbian}
}

@online{Oxf:queer,
author = {Merriam-Webster},
title="queer, adj. \& n.",
year={2024},
abbendum = "Visited 07.05.2024", 
url={https://www.merriam-webster.com/dictionary/queer}
}

@online{Oxf:pan,
author = {Merriam-Webster},
title="pansexual, adj. \& n.",
year={2024},
abbendum = "Visited 07.05.2024", 
url={https://www.merriam-webster.com/dictionary/pansexual}
}

@online{Oxf:ace,
author = {Merriam-Webster},
title="asexual, adj. \& n.",
year={2024},
abbendum = "Visited 07.05.2024", 
url={https://www.merriam-webster.com/dictionary/asexual}
}

@online{Oxf:demi,
author = {Merriam-Webster},
title="demisexual, adj. \& n.",
year={2024},
abbendum = "Visited 07.05.2024", 
url={https://www.merriam-webster.com/dictionary/demisexual}
}

@online{Oxf:speciesism, 
author = {Merriam-Webster},
title="speciesism n.",
year={2024},
abbendum = "Visited 23.05.2024", 
url={https://www.merriam-webster.com/dictionary/speciesism}
}


@book{heteronormativity,
author = {Hartmann, Jutta and Klesse, Christian and Wagenknecht, Peter and Fritzsche, Bettina and Hackmann, Kristina},
year = {2007},
month = {01},
pages = {},
title = {Heteronormativität: Empirische Studien zu Geschlecht, Sexualität und Macht},
isbn = {978-3-531-14611-9},
doi = {10.1007/978-3-531-90274-6}
}

@online{bmi,
author = {{Bundesministerium des Innern und für Heimat}}, 
year={2024},
title={Transsexuellenrecht}, 
url={https://www.personenstandsrecht.de/Webs/PERS/DE/rechtsbereiche/transsexuellenrecht/transsexuellenrecht-node.html}}

@article{trans-nb,
author = {McCann, Edward and Donohue, Grainne and Brown, Michael},
year = {2021},
month = {03},
pages = {3403},
title = {Experiences and Perceptions of Trans and Gender Non-Binary People Regarding Their Psychosocial Support Needs: A Systematic Review of the Qualitative Research Evidence},
volume = {18},
journal = {International Journal of Environmental Research and Public Health},
doi = {10.3390/ijerph18073403}
}

@article{moskowitz,
author = {Moskowitz, David and Rieger, Gerulf and Roloff, Michael},
year = {2010},
month = {02},
pages = {325-36},
title = {Heterosexual Attitudes Toward Same-Sex Marriage},
volume = {57},
journal = {Journal of homosexuality},
doi = {10.1080/00918360903489176}
}

@online{queer-violence, 
author={queer.de},
year={2023}, 
title={Zahl der queerfeindlichen Straftaten explodiert weiter},
url={https://www.queer.de/detail.php?article_id=45126}, 
abbendum={Visited 10.05.2024}}

@article{risk-lgb,
author = {Gmelin, Jan-Ole and de Vries, Ymkje and Baams, Laura and Aguilar-Gaxiola, Sergio and Alonso, Jordi and Borges, Guilherme and Bunting, Brendan and Cardoso, Graca and Gureje, Oye and Karam, Elie and Kawakami, Norito and Lee, Sing and Mneimneh, Zeina and Navarro-Mateu, Fernando and Posada-Villa, Jose and Rapsey, Charlene and Slade, Timothy and Stagnaro, Juan and Wojtyniak, Bogdan},
year = {2022},
title = {Increased risks for mental disorders among LGB individuals: cross-national evidence from the World Mental Health Surveys},
volume = {57},
journal = {Social Psychiatry and Psychiatric Epidemiology},
doi = {10.1007/s00127-022-02320-z}
}


@online{queer-mental, 
author={{Office of Disease Prevention and Health Promotion}},
year={2016}, 
title={Lesbian, gay, bisexual, and transgender health. },
url={https://www.healthypeople.gov/2020/topics-objectives/topic/lesbian-gay-bisexual-and-transgender-health}, 
abbendum={Visited 14.05.2024, Retrieved from \url{https://wayback.archive-it.org/5774/20220413203148/https://www.healthypeople.gov/2020/topics-objectives/topic/lesbian-gay-bisexual-and-transgender-health}}}

@online{lqbtqia, 
author="Jennifer Betts", 
year="2022", 
title="What Does LGBTQIA+ Stand For? Full Abbreviation And Other Terms Explained",
url="https://www.yourdictionary.com/articles/lgbtqia-meaning", 
abbendum={Visited 28.06.2024}
}

@article{furtado,
author = {Furtado, Paulo and Moraes, Felipe and Lago, Renata and Barros, Luciana and Toralles, Maria and Barroso, Ubirajara},
year = {2012},
title = {Gender dysphoria associated with disorders of sex development},
volume = {9},
journal = {Nature reviews. Urology},
doi = {10.1038/nrurol.2012.182}
}

@online{verbot-ehe, 
author={{Lesben- und Schwulenverband in Deutschland (LSVD)}},
year = {2024}, 
title = {LGBT-RECHTE WELTWEIT: WO DROHT TODESSTRAFE ODER GEFÄNGNIS FÜR HOMOSEXUALITÄT?}, 
url={https://www.lsvd.de/de/ct/1245-LGBT-Rechte-weltweit}, 
abbendum={Visited 14.05.2024}}

@online{bi-hatred, 
author={{Deutsches Institut für Sozialwirtschaft e.V. (DISW)}},
year = {2021}, 
title = {Was ist Bifeindlichikeit?}, 
url={https://echte-vielfalt.de/lebensbereiche/lsbtiq/bi/was-ist-bifeindlichikeit/},
abbendum={Visited 14.05.2024}}

@article{bisexual-health,
author = {Brendan Loi, Toby Lea and John Howard},
title = {Substance Use, Mental Health, and Service Access among Bisexual Adults in Australia},
journal = {Journal of Bisexuality},
volume = {17},
number = {4},
pages = {400--417},
year = {2017},
publisher = {Routledge},
doi = {10.1080/15299716.2017.1401501}}


@online{eu-ai-act, 
author={{Council of the EU and the European Council}},
year = {2024}, 
title = {Artificial intelligence (AI) act: Council gives final green light to the first worldwide rules on AI}, 
url={https://www.consilium.europa.eu/press/press-releases/2024/05/21/artificial-intelligence-ai-act-council-gives-final-green-light-to-the-first-worldwide-rules-on-ai/},
abbendum={Visited 23.05.2024}}


@misc{tran2022pruning,
  title={Pruning has a disparate impact on model accuracy},
  author={Cuong Tran and Ferdinando Fioretto and Jung-Eun Kim and Rakshit Naidu},
  journal={ArXiv},
  year={2022},
  volume={abs/2205.13574},
  url={https://api.semanticscholar.org/CorpusID:249152254}
}

@misc{hao2023safety,
      title={Safety and Fairness for Content Moderation in Generative Models}, 
      author={Susan Hao and Piyush Kumar and Sarah Laszlo and Shivani Poddar and Bhaktipriya Radharapu and Renee Shelby},
      year={2023},
      eprint={2306.06135},
      archivePrefix={arXiv},
      primaryClass={cs.LG}
}

@misc{animal-ai,
      title={The Case for Animal-Friendly AI}, 
      author={Sankalpa Ghose and Yip Fai Tse and Kasra Rasaee and Jeff Sebo and Peter Singer},
      year={2024},
      eprint={2403.01199},
      archivePrefix={arXiv},
      primaryClass={cs.AI}
}

@online{llama3, 
author={Meta},
year = {2024}, 
title = {Build the future of AI with Meta Llama 3}, 
url={https://llama.meta.com/llama3/},
abbendum={Visited 28.06.2024}}

@online{gemma7, 
author={Google},
year = {2024}, 
title = {Gemma: Introducing new state-of-the-art open models}, 
url={https://blog.google/technology/developers/gemma-open-models/},
abbendum={Visited 28.06.2024}}

@online{fine-tuning-pretrained, 
author={Marco Ramponi},
year={2023}, 
title={The Full Story of Large Language Models and RLHF}, 
url={https://www.assemblyai.com/blog/the-full-story-of-large-language-models-and-rlhf/}, 
abbendum={Visited 03.07.2024}}

@online{youtube-soft-prompt, 
author={Databricks},
year={2023}, 
title={LLM2 Module 2 - Efficient Fine-Tuning | 2.3 PEFT and Soft Prompt}, 
url={https://www.youtube.com/watch?v=8uy_WII76L0&t=160s}, 
abbendum={Visited 03.07.2024}}
